@book{bertsekas2009convex,
  title         = {Convex optimization theory},
  author        = {Bertsekas, Dimitri},
  volume        = {1},
  year          = {2009},
  publisher     = {Athena Scientific}
}
@book{rockafellar+1970,
  url           = {https://doi.org/10.1515/9781400873173},
  title         = {Convex Analysis},
  author        = {Ralph Tyrell Rockafellar},
  publisher     = {Princeton University Press},
  address       = {Princeton},
  doi           = {doi:10.1515/9781400873173},
  isbn          = {9781400873173},
  year          = {1970},
  lastchecked   = {2024-07-24}
}
